@Article{Kaufman_2013,
  doi = {10.1016/j.aap.2013.05.023},
  url = {https://doi.org/10.1016/j.aap.2013.05.023},
  year = {2013},
  month = {oct},
  publisher = {Elsevier {BV}},
  volume = {59},
  pages = {153--163},
  author = {Robert P. Kaufman and Randal P. Ching and Margaret M. Willis and Christopher D. Mack and Joel A. Gross and Eileen M. Bulger},
  title = {Burst fractures of the lumbar spine in frontal crashes},
  journal = {Accident Analysis {\&} Prevention},
}
